<?xml version="1.0" encoding="UTF-8"?><collection xmlns="http://www.loc.gov/MARC21/slim"><record><leader>00390nam--2200133-i-4500</leader><controlfield tag="001">000032159</controlfield><controlfield tag="002">20161230</controlfield><controlfield tag="005">20161230201039</controlfield><controlfield tag="008">060222s1000------------r-----000-0-eng-d</controlfield><datafield ind1=" " ind2=" " tag="080"><subfield code="a">621.311:66:62-52</subfield></datafield><datafield ind1=" " ind2=" " tag="100"><subfield code="a">Marcu, Suzette Si Tertisco, Mihai</subfield></datafield><datafield ind1=" " ind2=" " tag="245"><subfield code="a">Progrese in automatizare si telecomanda</subfield></datafield><datafield ind1=" " ind2=" " tag="260"><subfield code="a">Bucuresti, Institutul Central De Documentare Tehnica, 1969, 48p</subfield></datafield><datafield ind1=" " ind2=" " tag="852"><subfield code="a">31831</subfield></datafield></record></collection>